@article{Abramsky93,
  author       = {Samson Abramsky},
  title        = {Computational Interpretations of Linear Logic},
  journal      = {Theoretical Computer Science},
  volume       = {111},
  number       = {1{\&}2},
  pages        = {3--57},
  year         = {1993},
  doi          = {10.1016/0304-3975(93)90181-R},
}

@book{AmadioCurien,
place={Cambridge},
series={Cambridge Tracts in Theoretical Computer Science},
title={{Domains and Lambda-Calculi}},
publisher={Cambridge University Press},
author={Amadio, Roberto M. and Curien, Pierre-Louis},
year={1998},
doi={10.1017/CBO9780511983504}}

@article{hines2003categorical,
	author = {Hines, Peter},
	journal = {Mathematical Structures in Computer Science},
	number = {3},
	pages = {451--480},
	title = {A categorical framework for finite state machines},
	volume = {13},
	year = {2003},
  doi       = {10.1017/S0960129503003931},
  }


@article{nevenFiniteStateMachines2004,
	author = {Neven, Frank and Schwentick, Thomas and Vianu, Victor},
	journal = {ACM Transactions on Computational Logic},
	number = {3},
	pages = {403--435},
	title = {Finite State Machines for Strings over Infinite Alphabets},
	volume = {5},
  doi = {10.1145/1013560.1013562},
	year = {2004}}
@misc{przybylek2024note,
      title={A note on Stone-\v{C}ech compactification in ZFA}, 
      author={Michał R. Przybyłek},
      year={2024},
      eprint={2304.09986},
      archivePrefix={arXiv},
      primaryClass={cs.LO}
}

@article{kaminskiFiniteMemoryAutomata1994,
	author = {Kaminski, Michael and Francez, Nissim},
	journal = {Theoretical Computer Science},
	number = {2},
	pages = {329--363},
	title = {Finite-{{Memory Automata}}},
	volume = {134},
  doi          = {10.1016/0304-3975(94)90242-9},
  	year = {1994}}


@article{colcombet2020automata,
		title = {Automata {Minimization}: a {Functorial} {Approach}},
	volume = {16},
  number = {1},
	shorttitle = {Automata {Minimization}},
  doi = {10.23638/LMCS-16(1:32)2020},
	language = {en},
	journal = {Logical Methods in Computer Science},
	author = {Colcombet, Thomas and Petrişan, Daniela},
	month = mar,
	year = {2020}}

@phdthesis{stefanski-phd,
	author = {Rafa{\l} Stefa{\'n}ski},
	school = {University of Warsaw},
	title = {The single-use restriction for register automata and transducers over infinite alphabets},
	year = {2023}}


@inproceedings{abramsky2013semantics,
  title={Semantics of Interaction},
  author={Abramsky, Samson},
  editor={Peter Dybjer and Andrew Pitts},
  booktitle={Proceedings of the 1996 CLiCS Summer School, Isaac Newton Institute},
  publisher       = {Cambridge University Press},
  eprinttype    = {arXiv},
  eprint       = {1312.0121},
    year={1997},
}

@mastersthesis{stefansk-msc,
	author = {Rafa{\l} Stefa{\'n}ski},
	school = {University of Warsaw},
	title = {An automaton model for orbit-finite monoids},
	year = {2018}}



@inproceedings{bojanczykstefanski2020,
	address = {Dagstuhl, Germany},
	author = {Miko{\l}aj Boja{\'n}czyk and Rafa{\l} Stefa{\'n}ski},
	booktitle = {International Colloquium on Automata, Languages, and Programming (ICALP 2020)},
	editor = {Artur Czumaj and Anuj Dawar and Emanuela Merelli},
	pages = {113:1--113:14},
	publisher = {Schloss Dagstuhl--Leibniz-Zentrum f{\"u}r Informatik},
	series = {Leibniz International Proceedings in Informatics (LIPIcs)},
	title = {{Single-Use Automata and Transducers for Infinite Alphabets}},
	volume = {168},
    doi       = {10.4230/LIPIcs.ICALP.2020.113},
	year = {2020}}


@inproceedings{bojanczykKM21OrbitFiniteVector,
	author = {Miko{\l}aj Boja\'nczyk and Bartek Klin and Joshua Moerman},
	booktitle = {36th Annual {ACM/IEEE} Symposium on Logic in Computer Science, {LICS} 2021, Rome, Italy, June 29 - July 2, 2021},
	pages = {1--13},
	publisher = {{IEEE}},
	title = {Orbit-Finite-Dimensional Vector Spaces and Weighted Register Automata},
    doi          = {10.1109/LICS52264.2021.9470634},
	year = {2021}}

@inproceedings{LLSS,
Title = {Linear logic: its syntax and semantics},
	Author = {Girard, Jean-Yves},
  Booktitle = {Advances in Linear Logic},
	Editor = {Jean-Yves Girard and Yves Lafont and Laurent Regnier},
	Publisher = {Cambridge University Press},
	Series = {London Mathematical Society Lecture Notes},
	Volume = {222},
	Year = {1995},
	Pages = {1--42},
  doi={10.1017/CBO9780511629150.002},
  }

@book{PittsAM:nomsns,
	author = {Andrew M. Pitts},
	publisher = {Cambridge University Press},
	series = {Cambridge Tracts in Theoretical Computer Science},
	title = {Nominal Sets: Names and Symmetry in Computer Science},
	volume = 57,
  doi={10.1017/CBO9781139084673},
	year = 2013}


@misc{bojanczyk_slightly2018,
	author = {Boja\'nczyk, Miko{\l}aj},
	url={https://www.mimuw.edu.pl/~bojan/paper/atom-book},
	title = {Slightly infinite sets},
  }



@article{bojanczykAutomataTheoryNominal2014,
	author = {Boja\'nczyk, Miko{\l}aj and Klin, Bartek and Lasota, Slawomir},
	journal = {Logical Methods in Computer Science},
	number = {3},
	title = {Automata Theory in Nominal Sets},
	volume = {10},
	year = {2014},
    doi          = {10.2168/LMCS-10(3:4)2014},}



@article{bojanczykNominalMonoids2013,
	author = {Boja\'nczyk, Miko{\l}aj},
	journal = {Theory of Computing Systems},
	number = {2},
	pages = {194--222},
	title = {Nominal {{Monoids}}},
	volume = {53},
	  doi          = {10.1007/S00224-013-9464-1},
    year = {2013}
  }



@article{DBLP:journals/corr/abs-1302-1046,
  author       = {Alexandra Silva and
                  Filippo Bonchi and
                  Marcello M. Bonsangue and
                  Jan J. M. M. Rutten},
  title        = {Generalizing determinization from automata to coalgebras},
  journal      = {Logical Methods in Computer Science},
  volume       = {9},
  number       = {1},
  year         = {2013},
  doi          = {10.2168/LMCS-9(1:9)2013},
}

@inproceedings{ColcombetPS21,
  author       = {Thomas Colcombet and
                  Daniela Petrişan and
                  Riccardo Stabile},
  editor       = {Christel Baier and
                  Jean Goubault{-}Larrecq},
  title        = {Learning Automata and Transducers: {A} Categorical Approach},
  booktitle    = {29th {EACSL} Annual Conference on Computer Science Logic, {CSL} 2021,
                  January 25-28, 2021, Ljubljana, Slovenia (Virtual Conference)},
  series       = {LIPIcs},
  volume       = {183},
  pages        = {15:1--15:17},
  publisher    = {Schloss Dagstuhl - Leibniz-Zentrum f{\"{u}}r Informatik},
  year         = {2021},
  doi          = {10.4230/LIPICS.CSL.2021.15},
}

@inproceedings{Aristote24,
  author       = {Quentin Aristote},
  editor       = {Aniello Murano and
                  Alexandra Silva},
  title        = {Active Learning of Deterministic Transducers with Outputs in Arbitrary
                  Monoids},
  booktitle    = {32nd {EACSL} Annual Conference on Computer Science Logic, {CSL} 2024,
                  February 19-23, 2024, Naples, Italy},
  series       = {LIPIcs},
  volume       = {288},
  pages        = {11:1--11:20},
  publisher    = {Schloss Dagstuhl - Leibniz-Zentrum f{\"{u}}r Informatik},
  year         = {2024},
  doi          = {10.4230/LIPICS.CSL.2024.11},
}

@phdthesis{titoPhD,
  TITLE = {Implicit automata in linear logic and categorical transducer theory},
  AUTHOR = {Nguy\~{\^e}n, Lê Thành Dũng},
  URL = {https://theses.hal.science/tel-04132636},
  SCHOOL = {Université Paris XIII (Sorbonne Paris Nord)},
  YEAR = {2021},
  MONTH = Dec,
}
@inproceedings{IATLC,
  title = {Implicit automata in typed $\lambda$-calculi {I}: aperiodicity in a non-commutative logic},
  author = {Nguy\~{\^e}n, Lê Thành Dũng and Pradic, Cécilia},
  editor    = {Artur Czumaj and
               Anuj Dawar and
               Emanuela Merelli},
  booktitle = {47th International Colloquium on Automata, Languages, and Programming,
               {ICALP} 2020, July 8-11, 2020, Saarbr{\"{u}}cken, Germany (Virtual
               Conference)},
  series    = {LIPIcs},
  volume    = {168},
  pages     = {135:1--135:20},
  publisher = {Schloss Dagstuhl - Leibniz-Zentrum für Informatik},
  year      = {2020},
  doi       = {10.4230/LIPIcs.ICALP.2020.135},
}
@inproceedings{LambdaTransducer,
  author    = {Paul Gallot and
               Aurélien Lemay and
               Sylvain Salvati},
  editor    = {Javier Esparza and
               Daniel Kr{\'{a}}l'},
  title     = {Linear High-Order Deterministic Tree Transducers with Regular Look-Ahead},
  booktitle = {45th International Symposium on Mathematical Foundations of Computer
               Science, {MFCS} 2020, August 24-28, 2020, Prague, Czech Republic},
  series    = {LIPIcs},
  volume    = {170},
  pages     = {38:1--38:13},
  publisher = {Schloss Dagstuhl - Leibniz-Zentrum für Informatik},
  year      = {2020},
  doi       = {10.4230/LIPIcs.MFCS.2020.38},
}



@article{IATLC2,
  author       = {Nguy\~{\^e}n, Lê Thành Dũng and
                  Camille No{\^{u}}s and
                  Cécilia Pradic},
  title        = {Implicit automata in typed {\(\lambda\)}-calculi {II:} streaming transducers
                  vs categorical semantics},
  journal      = {CoRR},
  volume       = {abs/2008.01050},
  year         = {2020},
  eprinttype    = {arXiv},
  eprint       = {2008.01050},
}

@incollection{Hyland1997, place={Cambridge}, series={Publications of the Newton Institute}, title={Game Semantics}, booktitle={Semantics and Logics of Computation}, publisher={Cambridge University Press}, author={Hyland, Martin}, editor={Pitts, Andrew M. and Dybjer, P.}, year={1997}, pages={131–184}, collection={Publications of the Newton Institute},
doi={10.1017/CBO9780511526619.005 }}


@phdthesis{ClairambaultHDR,
  TITLE = {{Causal Investigations in Interactive Semantics}},
  AUTHOR = {Clairambault, Pierre},
  URL = {https://theses.hal.science/tel-04523273},
  SCHOOL = {{Université Aix-Marseille}},
  YEAR = {2024},
  MONTH = Feb,
  TYPE = {Habilitation à diriger des recherches},
}

@incollection{PaivaDialectica,
	address = {Providence, Rhode Island},
	title = {The {Dialectica} categories},
	volume = {92},
	author = {de Paiva, Valeria C. V.},
	editor = {Gray, John W. and Scedrov, Andre},
	year = {1989},
	doi = {10.1090/conm/092/1003194},
	pages = {47--62},
  BOOKTITLE = {Categories in Computer Science and Logic},
  PUBLISHER = {American Mathematical Society},
  series = {Contemporary Mathematics},
  note = {Proceedings of a Summer Research Conference held June 14--20, 1987}
}
@misc{pradic2024implicit,
      title={Implicit automata in $\lambda$-calculi III: affine planar string-to-string functions},
      author={Cécilia Pradic and Ian Price},
      year={2024},
      eprint={2404.03985},
      archivePrefix={arXiv},
      primaryClass={cs.LO}
}

@inproceedings{wadler1990linear,
  title={Linear types can change the world!},
  author={Wadler, Philip},
  booktitle={Programming concepts and methods},
  volume={3},
  number={4},
  pages={5},
  year={1990},
  organization={Citeseer}
}

@inproceedings{asperti1998light,
  title={Light affine logic},
  author={Asperti, Andrea},
  booktitle={Proceedings. Thirteenth Annual IEEE Symposium on Logic in Computer Science (Cat. No. 98CB36226)},
  pages={300--308},
  year={1998},
  organization={IEEE}
}


